<?xml version="1.0" encoding="UTF-8"?><record xmlns="http://www.loc.gov/MARC21/slim" xmlns:cinclude="http://apache.org/cocoon/include/1.0" xmlns:zs="http://www.loc.gov/zing/srw/">
  <leader>00773cz  a2200145n  4500</leader>
  <controlfield tag="001">n  87912010 </controlfield>
  <controlfield tag="003">DLC</controlfield>
  <controlfield tag="005">20120810083418.0</controlfield>
  <controlfield tag="008">870724n| acannaab           |a ana     c</controlfield>
  <datafield tag="010" ind1=" " ind2=" ">
    <subfield code="a">n  87912010 </subfield>
  </datafield>
  <datafield tag="040" ind1=" " ind2=" ">
    <subfield code="a">MdU</subfield>
    <subfield code="b">eng</subfield>
    <subfield code="c">DLC</subfield>
    <subfield code="d">DLC</subfield>
  </datafield>
  <datafield tag="111" ind1="2" ind2=" ">
    <subfield code="a">International Symposium on Relational Factors in Classification</subfield>
    <subfield code="d">(1966 :</subfield>
    <subfield code="c">University of Maryland, College Park)</subfield>
  </datafield>
  <datafield tag="411" ind1="2" ind2=" ">
    <subfield code="a">Symposium on Relational Factors in Classification, International</subfield>
  </datafield>
  <datafield tag="667" ind1=" " ind2=" ">
    <subfield code="a">THIS 1XX FIELD CANNOT BE USED UNDER RDA UNTIL THIS RECORD HAS BEEN REVIEWED AND/OR UPDATED</subfield>
  </datafield>
  <datafield tag="670" ind1=" " ind2=" ">
    <subfield code="a">Newman, S.M. An operative information retrieval system based on relational factors, 1966:</subfield>
    <subfield code="b">t.p. (International Symposium on Relational Factors in Classification, Center of Adult Education, University of Maryland, 8./11.VI.1966)</subfield>
  </datafield>
</record>